%% My bilbiography start %%

@ARTICLE {Thru2010, 
	AUTHOR = {Thurm and Y. Kane}, 
	TITLE = {'Your Apps Are Watching You'},
	JOURNAL = {The Wall Street Journal},
	MONTH = {Dec}, 
    YEAR = {2010},
	NOTE = {found at: http://online.wsj.com/article/SB10001424052748704694004576020083703574602.html}
}

@ARTICLE {Jenn2012, 
	AUTHOR = {Jennifer M. Urban, Chris Jay Hoofnagle and Su Li},
	TITLE = {'Mobile Phones and Privacy'},
	JOURNAL = {BCLT Research Paper},
	MONTH = {July},
	YEAR = {2012},
}


@ARTICLE {Priv2013, 
	AUTHOR = {},
	TITLE = {'Privacy in the Age of the Smartphone'}, 
	JOURNAL = {Privacy Rights Clearinghouse}, 
	MONTH = {April},
	YEAR = {2013}, 
	NOTE = {found at: https://www.privacyrights.org/fs/fs2b-cellprivacy.htm\#protections}
}

@ARTICLE {Abi2012, 
	AUTHOR = {ABI Research},
	TITLE = {'Mobile’s Role in a Consumer’s Media Day: Smartphones and Tablets Enable Seamless Digital Lives'}, 
	JOURNAL = {}, 
	MONTH = {July},
	YEAR = {2012}, 
	NOTE = {found at: http://www.iab.net/media/file/IAB-Mobile-Devices-Report-final.pdf}
}

@ARTICLE {Moz2013, 
	AUTHOR = {Alex Fowler},
	TITLE = {'Firefox getting smarter about third-party cookies'}, 
	JOURNAL = {Mozilla}, 
	MONTH = {Feb},
	YEAR = {2013}, 
	NOTE = {found at: https://blog.mozilla.org/privacy/2013/02/25/firefox-getting-smarter-about-third-party-cookies}
}
@ARTICLE {W3C2012, 
	AUTHOR = {Justin Brookman, Sean Harvey, Erica Newland, Heather West},
	TITLE = {'Tracking Compliance and Scope'}, 
	JOURNAL = {WC3}, 
	MONTH = {Oct},
	YEAR = {2012}, 
	NOTE = {found at: http://www.w3.org/TR/tracking-compliance}
}

@UNPUBLISHED {Wsj2013, 
	AUTHOR = {Wall Street Journal},
	TITLE = {'What They Know'}, 
	JOURNAL = {}, 
	YEAR = {On-Going}, 
	NOTE = {found at: http://online.wsj.com/public/page/what-they-know-digital-privacy.html}
}

@UNPUBLISHED {Trust2013,
	AUTHOR = {TRUSTe},
	TITLE = {'TRUSTe Privacy Index'},
	JOURNAL = {Consumer Confidence Edition},
	MONTH = {Jan},
	YEAR = {2013},
	NOTE = {found at: http://www.truste.com/us-consumer-confidence-index-2013/}
}



\bibitem{Arv2011} Arvind Narayanan, ‘Price Discrimination is All Around You’, http://33bits.org/2011/06/02/price-discrimination-is-
all-around-you/, last visited September 2012.

\bibitem{Nara2011c} Arvind Narayan, ‘The Linkability of Usernames: a Step Toward “Uber-profiles”’, blog posts, Feb.
2011. http://33bits.org/2011/02/16/usernames-linkability-uber-profiles/, last visited September 2012.

\bibitem{Nara2011a} A. Narayanan. ‘There is no such thing as anonymous online tracking, available at: http://cyberlaw.stanford.edu/node/6701, last visited September 2012.

\bibitem{Mull2011a} J. Mullen, ‘Judge approves \$2.4 million Quantcast privacy settlement’, paidContent, available
at: http://paidcontent.org/2011/06/15/419-judge-approves-2-4-million-quantcast-privacy-settlement/, last visited September
2012.

\bibitem{Mull2011b} ‘Second privacy law suit over cookies’ falls apart’, paidContent, available at: http://paidcontent.org/2011/08/19/419-privacy-lawsuits-over-flash-cookies-falling-apart/, last visited September 2012.

\bibitem{FTC2011a} Federal Trade Commission (2011, March) ‘FTC puts an end to tactics of online advertising company that deceived
consumers who wanted to ‘opt out’ from targeted ads’, available at: http://ftc.gov/opa/2011/03/chitika.shtm, last visited
September 2012.

\bibitem{FCT2011b} Federal Trade Commission (2011, November) ‘Online advertiser settles FTC charges ScanScout deceptively used
Flash cookies to track consumers online’, available at: http://www.ftc.gov/opa/2011/11/scanscout.shtm, last visited
September 2012.

%% My bibliography end %%